@article{magne2008abastecimiento,
  title={Abastecimiento, dise{\~n}o y construcci{\'o}n de sistemas de agua potable modernizando el aprendizaje y ense{\~n}anza en la asignatura de Ingenier{\'\i}a Sanitaria I},
  author={Magne, Freddy},
  journal={Obtenido de http://siar. minam. gob. pe/puno/sites/default/files/archivos/public/docs/1522. pdf},
  year={2008}
}
@inbook{os100,
   abstract = {En base a la información recopilada el proyectista deberá evaluar la vulnerabilidad de los sistemas ante situaciones de emergencias, diseñando sistemas flexibles en su operación, sin descuidar el aspecto económico. Se deberá solicitar a la Empresa de Agua la respectiva factibilidad de servicios. Todas las estructuras deberán contar con libre disponibilidad para su utilización. 1.2 Período de diseño Para proyectos de poblaciones o ciudades, así como para proyectos de mejoramiento y/o ampliación de servicios en asentamientos existentes, el período de diseño será fijado por el proyectista utilizando un procedimiento que garantice los períodos óptimos para cada componente de los sistemas.},
   author = {RNE},
   title = {Reglamento Nacional de Edificaciones del Perú},
   volume = {OS. 100},
   year = {2020},
}
